@monography{herbert,
	Adress={Brasília},
	Author={Reis, H. C.},
	Pages={87},
	School={Universidade de Brasília},
	Title={Especifica{\c c}ão de um formato de arquivo open source para audiobooks com suporte a marca{\c c}ões de conteúdo},
	Type={Especializa{\c c}ão},
	Year={2013}
}

@misc{sox,
	Subtitle={Site},
	Title={Sound eXchande},
	Author={Sox},
	Url={http://www.sox.sourceforge.net},
	Urlaccessdate={20 set. 2014},
	Year={2014}
}

@online{mavlink,
      Author = {Lorenz Meier},
      Title = {MAVLink},
      Year = {2009},
      Url = {https://github.com/mavlink/mavlink}
}

@article{BOEHM,
	Title = {Balancing Agility and Discipline},
	Author = {B BOEHM},
	Year = {2002},
	Publisher = {Boston. Addison-Wesley}
}

@misc{themes,
	Title={SAFe Strategic Themes},
	Url={http://www.scaledagileframework.com/strategic-themes/},
	Urlaccessdate={8 out. 2015},
	Year={2014}
}

@misc{epics,
	Title={SAFe Epics},
	Url={http://www.scaledagileframework.com/epics/},
	Urlaccessdate={8 out. 2015},
	Year={2014}
}

@misc{vision,
	Title={SAFe Vision},
	Url={http://www.scaledagileframework.com/vision/},
	Urlaccessdate={8 out. 2015},
	Year={2014}
}

@misc{roadmap,
	Title={SAFe Roadmap},
	Url={http://www.scaledagileframework.com/roadmap/},
	Urlaccessdate={8 out. 2015},
	Year={2014}
}
@misc{programbacklog,
	Title={SAFe Program Backlog},
	Url={http://www.scaledagileframework.com/program-backlog/},
	Urlaccessdate={8 out. 2015},
	Year={2014}
}

@misc{wsjf,
	Title={SAFe WSJF},
	Url={http://www.scaledagileframework.com/wsjf/},
	Urlaccessdate={8 out. 2015},
	Year={2014}
}

@article{BPMN,
	Title = {BPMN - Quick Guide},
	Author = {Simon Ringuette},
	Url = {http://www.bpmnquickguide.com/viewit.html},
	Year = {2015}
}

@article{IBM,
	Author={IBM},
	Title={Rational Unified Process Best Practices for Software Development Teams},
	Url={https://www.ibm.com/developerworks/rational/library/content/03July/1000/1251/1251_bestpractices_TP026B.pdf},
	Urlaccessdate={8 Out. 2015},
	Year={2011}
}

@article{TAVARES,
	Title = {Gerência de Projetos com PMBOK e Scrum: um estudo de caso.},
	Author = {A TAVARES},
	Year = {2008},
	Publisher = {Trabalho de Conclusão de Curso, Faculdade Cenecista Nossa Senhora dos Anjos},
	Adress = {Gravataí, Brasil}
}

@book{SCHWABER,
	Author = {K SCHWABER},
	Title = {Agile Project Management with Scrum},
	Year = { 2004},
	Publisher={Microsoft Press}
}

@book{KRUCHTEN,
	Author = {P KRUCHTEN},
	Title = {The Rational Unified Process: an introduction.},
	Year = {1999},
	Publisher={Addison-Wesley},
	Adress = {Boston}
}

@article{VIEIRA,
	Title = {Gerenciamento de Projetos de Tecnologia da Informação.},
	Year = {2003},
	Adress = {Rio Janeiro},
	Author = {M VIEIRA}
}

@online{pixhawk,
      Author = {Pixhawk},
      Year = {2015},
      Url = {https://pixhawk.org}
}

@misc{phonearena,
	Subtitle={Site},
	Title={Phone Arena},
	Author={Victor},
	Url={http://www.phonearena.com/news/Moores-Law-is-coming-to-an-end_id54127},
	Urlaccessdate={24 set. 2014},
	Year={2014}
}

@article{cloud,
	Author={Fagundes, E. M.},
	Title={O desafio do consumo de energia dos Data Centers no Brasil},
	Url={http://efagundes.com/itgov/o-desafio-do-consumo-de-energia-dos-data-centers-no-brasil},
	Urlaccessdate={29 set. 2014},
	Year={2014}
}

@article{5w,
	Author={MARCELO NAKAGAWA},
	Title={5W2H – PLANO DE AÇÃO PARA EMPREENDEDORES},
	Url={http://cms-empreenda.s3.amazonaws.com/empreenda/files_static/arquivos/2014/07/01/5W2H.pdf},
	Urlaccessdate={12 mai. 2015},
	Year={2015}
}

@book{moore,
	Author={Disco, Cornelis and Meulen, Barend van der},
	Title={Getting New Technologies Together: Studies in Making Sociotechnical Order},
	Publisher={De Gruyter},
	Address={Berlin, Boston},
	Year={2012}
}

@book{tanenbaumorganizacao,
	Author={Tanenbaum, A. S.},
	Title={Organiza{\c c}ão Estruturada de Computadores},
	Publisher={Pearson Prentice Hall},
	Edition={5 edi{\c c}ão},
	Year={2007}
}

@book{forouzan,
	Author={Forouzan, Behrouz A.},
	Title={Comunica{\c c}ão de Dados e Redes de Computadores},
	Publisher={Mcgraw Hill Brasil},
	Year={2006}
}

@book{compressaomultimidia,
	Author={Ribeiro, Nuno and Torres, José},
	Title={Tecnologias de Compressão Multimédia},
	Publisher={FCA},
	Year={2009}
}

@monography{compressaoadaptativa,
	Adress={Ouro Preto},
	Author={Assis, A. F.},
	School={Universidade Federal de Outro Preto},
	Title={Proposta de Middleware para Compressão Adaptativa de Dados em Ambientes Android},
	Type={Especializa{\c c}ão},
	Year={2010}
}

@book{tenenbaumdados,
	Author={Tenenbaum, Aaron M. and Langsam, Yedidyah and Augenstein, Moshe J. and de Souza, Teresa Cristina Félix},
	Title={Estrutura de dados usando C},
	Publisher={Pearson Makron Books},
	Year={2004}
}

@monography{compressaoaudio,
	Adress={Brasília},
	Author={Braga, Endrizzo Galilei Carmo},
	School={Departamento de Engenharia Elétrica, Universidade de Brasília},
	Title={Compressão de Áudio},
	Pages={76},
	Type={Projeto Final de Gradua{\c c}ão},
	Year={2003}
}

@book{sayood,
	Author={Sayood, Khalid},
	Title={Introduction to data compression},
	Publisher={Newnes},
	Year={2012}
}

@article{audiobooksuporte,
	Author={Souza, M. S. D. and Celva, R. A. and Helvadjian, V.},
	Title={Audiolivro: um suporte para a educa{\c c}ão literária},
	Url={http://ltp.emnuvens.com.br/ltp/article/viewFile/69/66},
	Urlaccessdate={22 out. 2014},
	Year={2006}
}

@article{audiobookinovacao,
	Author={Palleta, F. A. C. and Watanabe, E. T. Y. and Penilha, D. F.},
	Title={Audiolivro: inova{\c c}ões tecnológicas, tendências e divulga{\c c}ão},
	Adress={São Paulo},
	Year={2008}
}

@article{teixeira,
	Author={Teixeira, J.},
	Title={Leitura de ouvido},
	Publisher={Veja},
	Pages={135, n. 35, ano 39},
	Adress={São Paulo},
	Year={2006}
}

@misc{audible,
	Subtitle={Site},
	Title={Home page},
	Author={Audible},
	Url={http://www.audible.com},
	Urlaccessdate={27 out. 2014},
	Year={2014}
}

@article{dw,
	Title={Audiolivro vira moda na Alemanha},
	Author={DW},
	Publisher={DW, Deutsche Welle},
	Url={http://dw.de/p/4wvJ},
	Urlaccessdate={27 out. 2014},
	Year={2004}
}

@article{farias,
	Author={Farias, S. C.},
	Title={O audiolivro e sua contribui{\c c}ão no processo de dissemina{\c c}ão de informa{\c c}ões e na inclusão social},
	Publisher={Revista Digital de Biblioteconomia e Ciência da Informa{\c c}ão},
	Url={http://www.sbu.unicamp.br/seer/ojs/index.php/rbci/article/view/529},
	Version={10, n. 1},
	Year={2012}
}

@misc{rhj,
	Subtitle={Site},
	Title={Home page},
	Author={RHJ},
	Url={http://www.editorarhj.com.br},
	Urlaccessdate={29 out. 2014},
	Year={2009}
}

@misc{universidadefalada,
	Subtitle={Site},
	Title={Home page},
	Author={Universidade Falada},
	Url={http://www.universidadefalada.com.br},
	Urlaccessdate={02 nov. 2014},
	Year={2004}
}

@misc{tocalivros,
	Subtitle={Site},
	Title={tocalivros},
	Url={http://www.tocalivros.com},
	Urlaccessdate={11 nov. 2014},
	Year={2014}
}

@article{publishnews,
	Title={Livros para ouvir},
	Author={Neto, L.},
	Publisher={PublishNews},
	Url={http://www.publishnews.com.br/telas/noticias/detalhes.aspx?id=79097},
	Urlaccessdate={11 nov. 2014},
	Year={2014}
}

@book{pcm,
	Author={Waggener, B.},
	Title={Pulse Code Modulation Techniques},
	Publisher={Springer},
	Year={1994}
}

@book{serraaudio,
	Author={Serra, F.},
	Title={Áudio Digital: A tecnologia aplicada à música e ao tratamento de som},
	Adress={Rio de Janeiro},
	Publisher={Editora Ciência Moderna Ltda},
	Year={2002}
}

@misc{muratnkonar,
	Subtitle={Site},
	Title={Audio Interchange File Format},
	Author={Muratnkonar},
	Url={http://www.muratnkonar.com/aiff/index.html},
	Urlaccessdate={03 nov. 2014},
	Year={2014}
}

@misc{mpgedit,
	Subtitle={Site},
	Title={MPEG Audio Compression Basics},
	Author={ERROR},
	Url={http://www.mpgedit.org/mpgedit/mpeg_format/mpeghdr.htm},
	Urlaccessdate={03 nov. 2014},
	Year={1999}
}

@article{mp3oquee,
	Title={MP3},
	Author={Alecrim, E.},
	Publisher={Info Wester},
	Url={http://www.infowester.com/histomptres.php},
	Urlaccessdate={05 nov. 2014},
	Year={2006}
}
@misc{ogg,
	Subtitle={Documento Técnico},
	Title={The Ogg Encapsulation Format Version 0},
	Author={RFC\_3533},
	Url={http://xiph.org/ogg/doc/rfc3533.txt},
	Urlaccessdate={03 nov. 2014},
	Year={2003}
}

@misc{vorbis,
	Subtitle={Site},
	Title={Vorbis I specification},
	Author={Xiph.org},
	Url={http://wiki.xiph.org/vorbis/doc/Vorbis_I_spec.html},
	Urlaccessdate={03 nov. 2014},
	Year={2012}
}

@misc{vbr,
	Subtitle={Entendendo o MP3 (CBR, ABR, VBR)},
	Title={Becker, F.},
	Url={http://www.midideejay.com/2009/03/tutorial-mp3-cbr-abr-vbr.html},
	Urlaccessdate={15 nov. 2014},
	Year={2014}
}

@article{mdct,
	Title={Computation of Forward and Inverse MDCT Using Clenshaw's Recurrence Formula},
	Author={Nikolajevic, V. and Fettewis, G.},
	Publisher={IEEE Transactions on Signal Precessing},
	Url={http://www.infowester.com/histomptres.php},
	Urlaccessdate={13 nov. 2014},
	Year={2003}
}

@article{algoritmocompressao,
	Title={Ogg Vorbis: Subjective assessment of sound quality at very low bit rates},
	Author={Svítek, J.},
	Publisher={Cesnet Archiv},
	Url={http://archiv.cesnet.cz/doc/techzpravy/2006/vorbis/#Vor00},
	Urlaccessdate={12 nov. 2014},
	Year={2006}
}

@misc{license,
	Subtitle={Site},
	Title={Vorbis Audio Compression},
	Author={Xiph.org},
	Url={http://www.xiph.org/vorbis/},
	Urlaccessdate={15 nov. 2014},
	Year={2000}
}

@misc{licenseterms,
	Subtitle={Site},
	Title={Vorbis Audio Compression},
	Author={Xiph.org},
	Url={http://www.xiph.org/licenses/bsd/},
	Urlaccessdate={15 nov. 2014},
	Year={1994}
}

@misc{googleacademico,
	Subtitle={Site},
	Title={Google Acadêmico},
	Author={Google},
	Url={http://scholar.google.com.br},
	Urlaccessdate={15 nov. 2014},
	Year={2014}
}

@misc{scielo,
	Subtitle={Site},
	Title={Scientific Electronic Library Online},
	Author={Scielo},
	Url={http://www.scielo.org/php/index.php},
	Urlaccessdate={14 nov. 2014},
	Year={2014}
}

@misc{acm,
	Subtitle={Site},
	Title={ACM Digital Library},
	Author={ACM},
	Url={http://dl.acm.org},
	Urlaccessdate={12 nov. 2014},
	Year={2014}
}
